@article{GavilanGonzales2017,
  title="La función Gamma: propiedades básicas y algunas aplicaciones",
  author="Gavilán Gonzales, M. and Gonzales Bohorquez, M.",
  journal="Selecciones Matemáticas",
  volume="4",
  number="2",
  pages="177-191",
  year="2017",
  publisher="Dialnet",
  url="https://dialnet.unirioja.es/servlet/articulo?codigo=8915739"
}

@book{IEEE754-2008,
  title="{IEEE} Standard for Floating-Point Arithmetic",
  publisher="IEEE",
  year="2008",
  series="{IEEE} Std 754-2008",
  organization="IEEE Computer Society",
  note="\url{https://standards.ieee.org/standard/754-2008.html}"
  }

@book{Stewart2001,
  title={Cálculo de una variable: trascendentes tempranas},
  author={Stewart, James},
  year={2001},
  publisher={Thomson},
  isbn={978-970-686-069-9}
}

@misc{navarro2024errores,
  author    = {Roberto Navarro},
  title     = {Errores numéricos y derivada numérica},
  year      = {2024},
  note      = {Física Computacional II (510240)},
  institution = {Universidad de Concepción},
  month     = sep,
  url       = {mailto:roberto.navarro@udec.cl},
}
@book{Gamma0,
author = {William H. Press and Saul A. Teukolsky and William T. Vetterling and Brian P. Flannery},
title = {Numerical Recipes: The Art of Scientific Computing},
publisher = {Cambridge University Press},
year = {2007}
}
@book{openstaxcalculo2,
  author    = {OpenStax},
  title     = {Calculus Volume 2},
  year      = {2024},
  publisher = {OpenStax},
  url       = {https://openstax.org/details/books/calculus-volume-2}
}
@misc{gaussianwaves2010,
  author       = {Sivakumar N},
  title        = {Moving Average Filter (MA Filter)},
  year         = {2010},
  url          = {https://www.gaussianwaves.com/2010/11/moving-average-filter-ma-filter-2/},
  note         = {Accessed: 2024-11-23}
}
@book{openstaxfisica1,
  author    = {OpenStax},
  title     = {University Physics Volume 1},
  year      = {2024},
  publisher = {OpenStax},
  url       = {https://openstax.org/details/books/university-physics-volume-1}
}
@misc{navarro2024edos,
  author    = {Roberto Navarro},
  title     = {Solución numérica de ecuaciones diferenciales ordinarias},
  year      = {2024},
  note      = {Física Computacional II (510240)},
  institution = {Universidad de Concepción},
  month     = oct,
  url       = {mailto:roberto.navarro@udec.cl},
}
@Manual{numpy,
  title = {NumPy Documentation},
  author = {NumPy Developers},
  year = {2024},
  url = {https://numpy.org/doc/},
  note = {Version: 2.1}
}
@misc{navarro2024int,
  author    = {Roberto Navarro},
  title     = {Integración numérica},
  year      = {2024},
  note      = {Física Computacional II (510240)},
  institution = {Universidad de Concepción},
  month     = oct,
  url       = {mailto:roberto.navarro@udec.cl},
}
@book{perez2021,
  title     = {Análisis Complejo y Aplicaciones},
  author    = {Juan Pérez and María Gómez},
  year      = {2021},
  publisher = {Editorial Universitaria},
  address   = {Ciudad, País},
  isbn      = {978-84-123456-7-8}
}
@book{Bender1978,
  title     = {Advanced Mathematical Methods for Scientists and Engineers},
  author    = {C. M. Bender and S. A. Orszag},
  year      = {1978},
  publisher = {Addison-Wesley},
  address   = {New York},
}
@book{anton2010,
  author    = {Howard Anton},
  title     = {Introducción al Álgebra Lineal},
  year      = {2010},
  publisher = {Limusa},
  isbn      = {9789681863173},
}
@misc{ODE,
  author = {Steve Brunton},
  title = {Linearizing Nonlinear Differential Equations Near a Fixed Point},
  year = {2022},
  url = {https://youtu.be/RCWkzzLgwf0?si=NqJJ4lTd-O-cbLks},
  note = {Consultado: 27 de noviembre}
}
@book{strogatz,
  title={Nonlinear Dynamics and Chaos: With Applications to Physics, Biology, Chemistry, and Engineering},
  author={Strogatz, Steven H.},
  year={2015},
  publisher={CRC Press},
  isbn={978-0367026509}
}
@misc{navarro2024ceros,
  author    = {Roberto Navarro},
  title     = {Búsqueda de ceros de funciones reales},
  year      = {2024},
  note      = {Física Computacional II (510240)},
  institution = {Universidad de Concepción},
  month     = oct,
  url       = {mailto:roberto.navarro@udec.cl},
}
@misc{chasnov_diferenciales_2024,
  author = {Chasnov, Jeffrey},
  title = {Ecuaciones diferenciales no lineales: Puntos fijos y estabilidad},
  year = {2024},
  url = {https://batch.libretexts.org/print/url=https://espanol.libretexts.org/Matematicas/Ecuaciones_diferenciales/Ecuaciones_diferenciales_(Chasnov)/08%3A_Ecuaciones_diferenciales_no_lineales/8.01%3A_Puntos_Fijos_y_Estabilidad.pdf},
  note = {Accedido: 2024-12-02}
}
@misc{guia_edos,
  author = {Roberto Navarro},
  title = {Guía 4: Ecuaciones diferenciales ordinarias},
  year = {2024},
  note      = {Física Computacional II (510240)},
  institution = {Universidad de Concepción},
  month     = oct,
  url       = {mailto:roberto.navarro@udec.cl},
}
@misc{numpy_laggauss,
  author = {{NumPy Developers}},
  title = {numpy.polynomial.laguerre.laggauss},
  year = {2024},
  url = {https://numpy.org/doc/stable/reference/generated/numpy.polynomial.laguerre.laggauss.html},
  note = {Accedido: 2024-12-03}
}

